@article{goerzen2010survey,
  title={A survey of motion planning algorithms from the perspective of autonomous UAV guidance},
  author={Goerzen, Chad and Kong, Zhaodan and Mettler, Bernard},
  journal={Journal of Intelligent and Robotic Systems},
  volume={57},
  number={1-4},
  pages={65},
  year={2010},
  publisher={Springer}
}

@article{cvxpy,
  author  = {Steven Diamond and Stephen Boyd},
  title   = {{CVXPY}: A {P}ython-Embedded Modeling Language for Convex Optimization},
  journal = {Journal of Machine Learning Research},
  year    = {2016},
  volume  = {17},
  number  = {83},
  pages   = {1--5},
}

@article{cvxpy_rewriting,
  author  = {Akshay Agrawal and Robin Verschueren and Steven Diamond and Stephen Boyd},
  title   = {A Rewriting System for Convex Optimization Problems},
  journal = {Journal of Control and Decision},
  year    = {2018},
  volume  = {5},
  number  = {1},
  pages   = {42--60},
}

@inproceedings{mellinger2011minimum,
  title={Minimum snap trajectory generation and control for quadrotors},
  author={Mellinger, Daniel and Kumar, Vijay},
  booktitle={2011 IEEE International Conference on Robotics and Automation},
  pages={2520--2525},
  year={2011},
  organization={IEEE}
}

@article{Perez2012a,
	Author = {Ruben E. Perez and Peter W. Jansen and Joaquim R. R. A. Martins},
	Doi = {10.1007/s00158-011-0666-3},
	Journal = {Structural and Multidisciplinary Optimization},
	Month = {January},
	Number = {1},
	Pages = {101--118},
	Title = {{pyOpt}: A {Python}-Based Object-Oriented Framework for Nonlinear Constrained Optimization},
	Volume = {45},
	Year = {2012},
	Annote = {10.1007/s00158-011-0666-3}}
	
@incollection{richter2016polynomial,
  title={Polynomial trajectory planning for aggressive quadrotor flight in dense indoor environments},
  author={Richter, Charles and Bry, Adam and Roy, Nicholas},
  booktitle={Robotics Research},
  pages={649--666},
  year={2016},
  publisher={Springer}
}

@article{chen2016uav,
  title={UAV path planning using artificial potential field method updated by optimal control theory},
  author={Chen, Yong-bo and Luo, Guan-chen and Mei, Yue-song and Yu, Jian-qiao and Su, Xiao-long},
  journal={International Journal of Systems Science},
  volume={47},
  number={6},
  pages={1407--1420},
  year={2016},
  publisher={Taylor \& Francis}
}

@article{roberge2012comparison,
  title={Comparison of parallel genetic algorithm and particle swarm optimization for real-time UAV path planning},
  author={Roberge, Vincent and Tarbouchi, Mohammed and Labont{\'e}, Gilles},
  journal={IEEE Transactions on Industrial Informatics},
  volume={9},
  number={1},
  pages={132--141},
  year={2012},
  publisher={IEEE}
}

@inproceedings{goyal2010survey,
  title={A survey on travelling salesman problem},
  author={Goyal, Sanchit},
  booktitle={Midwest Instruction and Computing Symposium},
  pages={1--9},
  year={2010}
}

@article{laporte1992traveling,
  title={The traveling salesman problem: An overview of exact and approximate algorithms},
  author={Laporte, Gilbert},
  journal={European Journal of Operational Research},
  volume={59},
  number={2},
  pages={231--247},
  year={1992},
  publisher={North-Holland}
}

@article{mukhairez2015performance,
  title={Performance comparison of simulated annealing, GA and ACO applied to TSP},
  author={Mukhairez, Hosam H and Maghari, Ashraf YA},
  journal={Performance Comparison of Simulated Annealing, GA and ACO Applied to TSP},
  volume={6},
  number={4},
  year={2015},
  publisher={Infonomics Society}
}
