@misc{ning, 
	url={https://byu.box.com/shared/static/iig80eoctek0lrs60avsmjxndc9sgk2m.pdf}, 
	journal={Homework 1}, 
	publisher={flow.byu.edu}, 
	author={Ning, Andrew}
}